<?xml version="1.0" encoding="UTF-8"?><collection xmlns="http://www.loc.gov/MARC21/slim"><record><leader>00336nam--2200121-i-4500</leader><controlfield tag="001">000002121</controlfield><controlfield tag="002">20161230</controlfield><controlfield tag="005">20161230201024</controlfield><controlfield tag="008">060222s1000------------r-----000-0-eng-d</controlfield><datafield ind1=" " ind2=" " tag="100"><subfield code="a">Doluchanow, M.P</subfield></datafield><datafield ind1=" " ind2=" " tag="245"><subfield code="a">Die ausbreitung von funkwellen.ubersetzung von russisch</subfield></datafield><datafield ind1=" " ind2=" " tag="260"><subfield code="a">Berlin, Veb Verlag Technik, 1956. 388 P.+fig</subfield></datafield><datafield ind1=" " ind2=" " tag="852"><subfield code="a">11736</subfield></datafield></record></collection>